@MISC{leapHandModel,
  AUTHOR       = "",
  TITLE        = "{Hand Models of the Leap Motion - Playground Flower Scene}",
  YEAR         = "",
  HOWPUBLISHED = "Website",
  NOTE         = "\url{http://blog.leapmotion.com/wp-content/uploads/2014/11/playground-flower-scene.png};
                  september 28th 2016"
}
@MISC{medicine,
  AUTHOR       = "",
  TITLE        = "{Hand Models of the Leap Motion - Playground Flower Scene}",
  YEAR         = "",
  HOWPUBLISHED = "Website",
  NOTE         = "\url{http://www.techrepublic.com/article/10-ways-virtual-reality-is-revolutionizing-medicine-and-healthcare/};
                  september 28th 2016"
}

@inproceedings{joseph2016fits,
  title={Fits Like a Glove: Rapid and Reliable Hand Shape Personalization},
  author={Joseph Tan, David and Cashman, Thomas and Taylor, Jonathan and Fitzgibbon, Andrew and Tarlow, Daniel and Khamis, Sameh and Izadi, Shahram and Shotton, Jamie},
  booktitle={Proceedings of the IEEE Conference on Computer Vision and Pattern Recognition},
  pages={5610--5619},
  year={2016}
}