@inproceedings{joseph2016fits,
  title={Fits Like a Glove: Rapid and Reliable Hand Shape Personalization},
  author={Joseph Tan},
  year={2016}
}

@online{kinecthandonline,
author = {Borbarad},
title = {Kinect is awesome},
url = {google.de}
}
